<zs:record>
      <zs:recordPacking>xml</zs:recordPacking>
      <zs:recordData>
        <record xmlns="http://www.loc.gov/MARC21/slim">
          <leader>00417nz a2200157 4500</leader>
          <controlfield tag="001">30003220</controlfield>
          <controlfield tag="003">RISM</controlfield>
          <controlfield tag="005">20121108</controlfield>
          <controlfield tag="008">121108n||az|||||||##########||||||||||||</controlfield>
          <datafield tag="043" ind1=" " ind2=" ">
            <subfield code="c">Turkey</subfield>
          </datafield>
          <datafield tag="110" ind1="2" ind2=" ">
            <subfield code="a">Üniversite kütüphanesi</subfield>
            <subfield code="c">Istanbul</subfield>
            <subfield code="g">TR-Iü</subfield>
          </datafield>
          <datafield tag="410" ind1="2" ind2=" ">
            <subfield code="a">Universite kütüphane</subfield>
          </datafield>
          <datafield tag="410" ind1="2" ind2=" ">
            <subfield code="a">University Library</subfield>
          </datafield>
          <datafield tag="622" ind1=" " ind2=" ">
            <subfield code="e">Üniversite kütüphanesi, Istanbul, TR -</subfield>
          </datafield>
          <datafield tag="688" ind1="2" ind2=" ">
            <subfield code="a">Series B: Iu</subfield>
          </datafield>
          <datafield tag="852" ind1="2" ind2=" ">
            <subfield code="b">41.00527, 28.97696</subfield>
          </datafield>
          <idzebra xmlns="http://www.indexdata.dk/zebra/">
            <size>417</size>
            <score>788</score>
            <localnumber>829649</localnumber>
            <filename>sigla/sigla.mrc</filename>
          </idzebra>
        </record>
      </zs:recordData>
      <zs:recordPosition>9</zs:recordPosition>
    </zs:record>